@article{onion-routing98,
  title = {Anonymous connections and onion routing},
  volume = {16},
  issn = {0733-8716},
  url = {http://dx.doi.org/10.1109/49.668972},
  doi = {10.1109/49.668972},
  number = {4},
  journal = {IEEE Journal on Selected Areas in Communications},
  publisher = {Institute of Electrical and Electronics Engineers (IEEE)},
  author = {Reed,  M.G. and Syverson,  P.F. and Goldschlag,  D.M.},
  year = {1998},
  month = {May},
  pages = {482–494}
}

@inproceedings{tor-design,
  title = {{Tor}: The Second-Generation Onion Router}, 
  author = {Dingledine, Roger and Mathewson, Nick and Syverson, Paul}, 
  booktitle = {Proceedings of the 13th USENIX Security Symposium}, 
  year = {2004}, 
  month = {August}, 
  www_section = {Anonymous communication}, 
  www_pdf_url = {https://svn.torproject.org/svn/projects/design-paper/tor-design.pdf}, 
  www_html_url = {https://svn.torproject.org/svn/projects/design-paper/tor-design.html}, 
}

@article{onion-routing-internet99,
  title = {Onion routing},
  volume = {42},
  issn = {1557-7317},
  url = {http://dx.doi.org/10.1145/293411.293443},
  doi = {10.1145/293411.293443},
  number = {2},
  journal = {Communications of the ACM},
  publisher = {Association for Computing Machinery (ACM)},
  author = {Goldschlag,  David and Reed,  Michael and Syverson,  Paul},
  year = {1999},
  month = {February},
  pages = {39–41}
}

@inproceedings{freenet,
  title = {Freenet: {A} Distributed Anonymous Information Storage and Retrieval System}, 
  author = {Clarke, Ian and Sandberg, Oskar and Wiley, Brandon and Hong, Theodore W.}, 
  booktitle = {Proceedings of Designing Privacy Enhancing Technologies: Workshop on Design
        Issues in Anonymity and Unobservability}, 
  volume = {2009}, 
  year = {2000}, 
  month = {July}, 
  pages = {46--66}, 
  editor = {Federrath, H.}, 
  publisher = {Springer-Verlag, LNCS 2009}, 
  series = {Lecture Notes in Computer Science}, 
  url = {http://dx.doi.org/10.1007/3-540-44702-4_4}, 
  doi = {10.1007/3-540-44702-4_4}, 
  isbn = {978-3-540-41724-8}, 
  www_section = {Anonymous publication}, 
  www_pdf_url = {http://www.facweb.iitkgp.ernet.in/~niloy/COURSE/Autumn2010/UC/Resource/freenet1-big.pdf},
}

@article{penet,
  author = {Helmers, Margaret M.},
  title = {E-Mail Discussion Groups and Academic Culture},
  journal = {CMC Magazine},
  year = {1997},
  month = {September},
  url = {https://johndecember.com/cmc/mag/1997/sep/helmers.html},
  note = {Accessed: 2025-04-20}
}

@article{Chaum81,
  title = {Untraceable electronic mail,  return addresses,  and digital pseudonyms},
  volume = {24},
  issn = {1557-7317},
  url = {http://dx.doi.org/10.1145/358549.358563},
  doi = {10.1145/358549.358563},
  number = {2},
  journal = {Communications of the ACM},
  publisher = {Association for Computing Machinery (ACM)},
  author = {Chaum,  David L.},
  year = {1981},
  month = {February},
  pages = {84–90}
}

@inproceedings{babel,
  series = {NDSS-96},
  title = {Mixing E-mail with Babel},
  url = {http://dx.doi.org/10.1109/NDSS.1996.492350},
  doi = {10.1109/ndss.1996.492350},
  booktitle = {Proceedings of Internet Society Symposium on Network and Distributed Systems Security},
  publisher = {IEEE Comput. Soc. Press},
  author = {Gulcu,  C. and Tsudik,  G.},
  pages = {2–16},
  collection = {NDSS-96},
  year = {1996}
}

@techreport{Baran1964,
  author       = {Baran, Paul},
  title        = {On Distributed Communications: IX. Security, Secrecy, and Tamper-Free Considerations},
  institution  = {RAND Corporation},
  year         = {1964},
  type         = {Research Memorandum},
  number       = {RM-3765-PR},
  address      = {Santa Monica, CA},
  url          = {https://www.rand.org/pubs/research_memoranda/RM3765.html},
  note         = {Accessed: 2025-04-20}
}

@inbook{web-mixes,
  title = {Web MIXes: A System for Anonymous and Unobservable Internet Access},
  isbn = {9783540447023},
  issn = {0302-9743},
  url = {http://dx.doi.org/10.1007/3-540-44702-4_7},
  doi = {10.1007/3-540-44702-4_7},
  booktitle = {Designing Privacy Enhancing Technologies},
  publisher = {Springer Berlin Heidelberg},
  author = {Berthold,  Oliver and Federrath,  Hannes and K\"{o}psell,  Stefan},
  year = {2001},
  pages = {115–129}
}

@inproceedings{mixminion,
  series = {SECPRI-03},
  title = {Mixminion: design of a type III anonymous remailer protocol},
  url = {http://dx.doi.org/10.1109/SECPRI.2003.1199323},
  doi = {10.1109/secpri.2003.1199323},
  booktitle = {Proceedings 19th International Conference on Data Engineering (Cat. No.03CH37405)},
  publisher = {IEEE Comput. Soc},
  author = {Danezis,  G. and Dingledine,  R. and Mathewson,  N.},
  pages = {2–15},
  collection = {SECPRI-03},
  year = {2003}
}

@misc{pipenet,
  title = {PipeNet 1.0}, 
  author = {Dai, Wei}, 
  year = {1998}, 
  month = {January}, 
  howpublished = {Post to Cypherpunks mailing list}, 
  day = {19}, 
  www_html_url = {http://cypherpunks.venona.com/date/1998/01/msg00878.html}, 
  www_section = {Anonymous communication}, 
  www_remarks = {First written in 1996 based on cypherpunks posts in 1995.}, 
}

@inproceedings{morphmix,
  series = {CCS02},
  title = {Introducing MorphMix: peer-to-peer based anonymous Internet usage with collusion detection},
  url = {http://dx.doi.org/10.1145/644527.644537},
  doi = {10.1145/644527.644537},
  booktitle = {Proceedings of the 2002 ACM workshop on Privacy in the Electronic Society},
  publisher = {ACM},
  author = {Rennhard, Marc and Plattner, Bernhard},
  year = {2002},
  month = {November},
  pages = {91–102},
  collection = {CCS02}
}

@inbook{Pfitzmann91,
  title = {ISDN-Mixes: Untraceable Communication with Very Small Bandwidth Overhead},
  isbn = {9783642764622},
  issn = {0343-3005},
  url = {http://dx.doi.org/10.1007/978-3-642-76462-2_32},
  doi = {10.1007/978-3-642-76462-2_32},
  booktitle = {Kommunikation in verteilten Systemen},
  publisher = {Springer Berlin Heidelberg},
  author = {Pfitzmann,  Andreas and Pfitzmann,  Birgit and Waidner,  Michael},
  year = {1991},
  pages = {451–463}
}

@inproceedings{tarzan,
  series = {CCS02},
  title = {Tarzan: a peer-to-peer anonymizing network layer},
  url = {http://dx.doi.org/10.1145/586110.586137},
  doi = {10.1145/586110.586137},
  booktitle = {Proceedings of the 9th ACM conference on Computer and communications security},
  publisher = {ACM},
  author = {Freedman,  Michael J. and Morris,  Robert},
  year = {2002},
  month = {November},
  collection = {CCS02}
}

@misc{freehaven-anonbib,
  title = {The Free Haven Anonymity Bibliography},
  howpublished = {\url{https://www.freehaven.net/anonbib/full/topic.html}},
  note = {Accessed: 2025-04-20}
}

@techreport{herbivore,
  title = {{Herbivore: A Scalable and Efficient Protocol for Anonymous Communication}}, 
  author = {Goel, Sharad and Robson, Mark and Polte, Milo and Sirer, Emin Gun}, 
  institution = {Cornell University}, 
  number = {2003-1890}, 
  year = {2003}, 
  month = {February}, 
  address = {Ithaca, NY}, 
  www_section = {Anonymous communication}, 
  www_pdf_url = {http://www.cs.cornell.edu/People/egs/papers/herbivore-tr.pdf}, 
}

@inproceedings{p5,
  title = {P5: A Protocol for Scalable Anonymous Communication}, 
  author = {Sherwood, Rob and Bhattacharjee, Bobby and Srinivasan, Aravind}, 
  booktitle = {Proceedings of the 2002 IEEE Symposium on Security and Privacy}, 
  year = {2002}, 
  month = {May}, 
  www_section = {Anonymous communication}, 
  www_pdf_url = {http://www.cs.umd.edu/projects/p5/p5.pdf}, 
  www_ps_url = {http://www.cs.umd.edu/projects/p5/p5.ps}, 
}

@techreport{freedom,
  title = {Freedom Systems 2.0 Architecture}, 
  author = {Boucher, Philippe and Shostack, Adam and Goldberg, Ian}, 
  institution = {Zero Knowledge Systems, {Inc.}}, 
  year = {2000}, 
  month = {December}, 
  type = {White Paper}, 
  day = {18}, 
  www_section = {Anonymous communication}, 
  www_pdf_url = {http://osiris.978.org/~brianr/crypto-research/anon/www.freedom.net/products/whitepapers/Freedom_System_2_Architecture.pdf},
}

@inproceedings{anon-terminology,
  author       = {Pfitzmann, Andreas and K{\"{o}}hntopp, Marit},
  editor       = {Hannes Federrath},
  title        = {Anonymity, Unobservability, and Pseudonymity - {A} Proposal for Terminology},
  booktitle    = {Designing Privacy Enhancing Technologies, International Workshop on
                  Design Issues in Anonymity and Unobservability, Berkeley, CA, USA,
                  July 25-26, 2000, Proceedings},
  series       = {Lecture Notes in Computer Science},
  volume       = {2009},
  pages        = {1--9},
  publisher    = {Springer},
  year         = {2000},
  url          = {https://doi.org/10.1007/3-540-44702-4\_1},
  doi          = {10.1007/3-540-44702-4\_1},
  timestamp    = {Wed, 16 Mar 2022 23:55:03 +0100},
  biburl       = {https://dblp.org/rec/conf/diau/PfitzmannK00.bib},
  bibsource    = {dblp computer science bibliography, https://dblp.org},
  www_pdf_url = {https://dud.inf.tu-dresden.de/Anon_Terminology.shtml}
}

@inproceedings{cmix,
    author="{Chaum, David and Das, Debajyoti and Javani, Farid and Kate, Aniket and Krasnova, Anna and De Ruiter, Joeri and Sherman, Alan T.}",
    editor="Gollmann, Dieter
    and Miyaji, Atsuko
    and Kikuchi, Hiroaki",
    title="cMix: Mixing with Minimal Real-Time Asymmetric Cryptographic Operations",
    booktitle="Applied Cryptography and Network Security",
    year="2017",
    publisher="Springer International Publishing",
    pages="557--578",
    isbn="978-3-319-61204-1"
}

@article{russia,
  author  = {Borogan, Irina and Soldatov, Andrei},
  title   = {Russia’s Bankers Become Secret Policemen},
  journal = {Center for European Policy Analysis (CEPA)},
  year    = {2023},
  month   = {November},
  day     = {9},
  url     = {https://cepa.org/article/russias-bankers-become-secret-policemen/},
  note    = {Accessed: 2025-04-20}
}

@article{anonymizer,
  author  = {Boyan, Justin},
  title   = {The Anonymizer: Protecting User Privacy on the Web},
  journal = {CMC Magazine},
  year    = {1997},
  month   = {September},
  url     = {https://johndecember.com/cmc/mag/1997/sep/boyan.html},
  note    = {Accessed: 2025-04-20}
}

@misc{privacy-eu,
  author       = {{European Data Protection Supervisor}},
  title        = {Data Protection},
  howpublished = {\url{https://www.edps.europa.eu/data-protection/data-protection_en}},
  note         = {Accessed: 2025-04-20}
}

@article{vpns,
  author  = {Max Eddy},
  title   = {7 VPN Services Found Recording User Logs Despite 'No-Log' Pledge},
  journal = {PCMag},
  year    = {2020},
  month   = {July},
  day     = {16},
  url     = {https://www.pcmag.com/news/7-vpn-services-found-recording-user-logs-despite-no-log-pledge},
  note    = {Accessed: 2025-04-20}
}

@techreport{clique-net,
  author       = {Sirer, Emin Gün and Polte, Milo and Robson, Mark},
  title        = {CliqueNet: A Self-Organizing, Scalable, Peer-to-Peer Anonymous Communication Substrate},
  institution  = {Cornell University},
  year         = {2001},
  type         = {Technical Report},
  number       = {TR2001},
  address      = {Ithaca, NY},
  url          = {https://www.cs.cornell.edu/people/egs/papers/cliquenet-iptp.pdf},
  note         = {Accessed: 2025-04-20}
}

@article{dc-nets,
  title = {The dining cryptographers problem: Unconditional sender and recipient untraceability},
  volume = {1},
  issn = {1432-1378},
  url = {http://dx.doi.org/10.1007/BF00206326},
  doi = {10.1007/bf00206326},
  number = {1},
  journal = {Journal of Cryptology},
  publisher = {Springer Science and Business Media LLC},
  author = {Chaum,  David},
  year = {1988},
  month = {January},
  pages = {65–75}
}

@inproceedings{eternity,
  title = {The Eternity Service}, 
  author = {Anderson, Ross}, 
  booktitle = {Proceedings of Pragocrypt '96}, 
  year = {1996}, 
  www_section = {Anonymous publication}, 
  www_ps_url = {http://www.ovmj.org/GNUnet/papers/eternity.ps}, 
  www_html_url = {http://www.cl.cam.ac.uk/users/rja14/eternity/eternity.html}, 
}

@Inbook{blind-signatures,
author="Chaum, David",
title="Blind Signature System",
bookTitle="Advances in Cryptology: Proceedings of Crypto 83",
year="1984",
publisher="Springer US",
address="Boston, MA",
pages="153--153",
isbn="978-1-4684-4730-9",
doi="10.1007/978-1-4684-4730-9_14",
url="https://doi.org/10.1007/978-1-4684-4730-9_14"
}

@inproceedings{cebolla,
  title = {{Cebolla: Pragmatic IP Anonymity}}, 
  author = {Brown, Zach}, 
  booktitle = {Proceedings of the 2002 Ottawa Linux Symposium}, 
  year = {2002}, 
  month = {June}, 
  www_section = {Anonymous communication}, 
  www_pdf_url = {http://cypherspace.org/cebolla/cebolla.pdf}, 
}

@inbook{dovetail,
  title = {Dovetail: Stronger Anonymity in Next-Generation Internet Routing},
  isbn = {9783319085067},
  issn = {1611-3349},
  url = {http://dx.doi.org/10.1007/978-3-319-08506-7_15},
  doi = {10.1007/978-3-319-08506-7_15},
  booktitle = {Privacy Enhancing Technologies},
  publisher = {Springer International Publishing},
  author = {Sankey,  Jody and Wright,  Matthew},
  year = {2014},
  pages = {283–303}
}

@article{riffle,
  title = {Riffle: An Efficient Communication System With Strong Anonymity},
  volume = {2016},
  issn = {2299-0984},
  url = {http://dx.doi.org/10.1515/popets-2016-0008},
  doi = {10.1515/popets-2016-0008},
  number = {2},
  journal = {Proceedings on Privacy Enhancing Technologies},
  publisher = {Privacy Enhancing Technologies Symposium Advisory Board},
  author = {Kwon,  Albert and Lazar,  David and Devadas,  Srinivas and Ford,  Bryan},
  year = {2015},
  month = {December},
  pages = {115–134}
}

@misc{carnivore,
  author       = {{Electronic Privacy Information Center}},
  title        = {Carnivore Surveillance System},
  howpublished = {\url{https://epic.org/privacy/carnivore/}},
  note         = {Accessed: 2025-04-20}
}

@inproceedings{taranet,
  title = {TARANET: Traffic-Analysis Resistant Anonymity at the Network Layer},
  url = {http://dx.doi.org/10.1109/EuroSP.2018.00018},
  doi = {10.1109/eurosp.2018.00018},
  booktitle = {2018 IEEE European Symposium on Security and Privacy (EuroS&amp;P)},
  publisher = {IEEE},
  author = {Chen,  Chen and Asoni,  Daniele E. and Perrig,  Adrian and Barrera,  David and Danezis,  George and Troncoso,  Carmela},
  year = {2018},
  month = {April},
  pages = {137–152}
}

@inbook{dc-disco,
  title = {The Dining Cryptographers in the Disco: Unconditional Sender and Recipient Untraceability with Computationally Secure Serviceability},
  isbn = {9783540534334},
  url = {http://dx.doi.org/10.1007/3-540-46885-4_69},
  doi = {10.1007/3-540-46885-4_69},
  booktitle = {Advances in Cryptology — EUROCRYPT ’89},
  publisher = {Springer Berlin Heidelberg},
  author = {Waidner,  Michael and Pfitzmann,  Birgit},
  pages = {690–690},
  year = {1990},
  month = {November}
}

@inproceedings{publius,
  title = {Publius: {A} robust, tamper-evident, censorship-resistant and source-anonymous
        web publishing system}, 
  author = {Waldman, Marc and Rubin, Aviel and Cranor, Lorrie}, 
  booktitle = {Proceedings of the 9th USENIX Security Symposium}, 
  year = {2000}, 
  month = {August}, 
  pages = {59--72}, 
  www_section = {Anonymous publication}, 
  www_pdf_url = {http://www.cs.nyu.edu/~waldman/publius/publius.pdf}, 
}

@misc{i2pmetrics,
  author       = {Hoang, Nguyen Phong and Kintis, Panagiotis and Antonakakis, Manos and Polychronakis, Michalis},
  title        = {I2P Metrics Portal},
  howpublished = {\url{https://i2p-metrics.np-tokumei.net/overview}},
  note         = {Accessed: 2025-04-20}
}

@inproceedings{i2pmetrics2,
author = {Hoang, Nguyen Phong and Kintis, Panagiotis and Antonakakis, Manos and Polychronakis, Michalis},
title = {An Empirical Study of the I2P Anonymity Network and Its Censorship Resistance},
booktitle = {Proceedings of the Internet Measurement Conference 2018},
series = {IMC '18},
year = {2018},
isbn = {978-1-4503-5619-0},
location = {Boston, MA, USA},
pages = {379--392},
numpages = {14},
url = {http://doi.acm.org/10.1145/3278532.3278565},
doi = {10.1145/3278532.3278565},
acmid = {3278565},
publisher = {ACM},
address = {New York, NY, USA},
}

@misc{locutus,
  author       = {{Freenet Project Inc.}},
  title        = {Freenet Manual},
  year         = {2024},
  howpublished = {\url{https://freenet.org/resources/manual/}},
  note         = {Accessed: 2025-04-20}
}

@inbook{kerckhoffs,
  title = {Kerckhoffs’ Principle},
  isbn = {9781441959065},
  url = {http://dx.doi.org/10.1007/978-1-4419-5906-5_487},
  doi = {10.1007/978-1-4419-5906-5_487},
  booktitle = {Encyclopedia of Cryptography and Security},
  publisher = {Springer US},
  author = {Petitcolas,  Fabien A. P.},
  year = {2011},
  pages = {675–675}
}

@misc{torusers,
  author       = {{The Tor Project}},
  title        = {Who Uses Tor?},
  year         = {2019},
  url          = {https://2019.www.torproject.org/about/torusers.html.en},
  note         = {Accessed: 2025-04-20}
}

@inbook{kademlia,
  title = {Kademlia: A Peer-to-Peer Information System Based on the XOR Metric},
  ISBN = {9783540457480},
  ISSN = {0302-9743},
  url = {http://dx.doi.org/10.1007/3-540-45748-8_5},
  DOI = {10.1007/3-540-45748-8_5},
  booktitle = {Peer-to-Peer Systems},
  publisher = {Springer Berlin Heidelberg},
  author = {Maymounkov, Petar and Mazières, David},
  year = {2002},
  pages = {53–65}
}

@article{facebook-tor,
  author  = {Braga, Matthew},
  title   = {Why Facebook Is Making It Easier To Log On With Tor–And Other Companies Should, Too},
  journal = {Fast Company},
  year    = {2014},
  month   = {November},
  day     = {10},
  url     = {https://www.fastcompany.com/3038249/why-facebook-is-making-it-easier-to-log-on-with-tor-and-other-companies-should-too},
  note    = {Accessed: 2025-04-20}
}

@misc{facebook-tor-note,
  author       = {{Facebook}},
  title        = {Title of the Note},
  year         = {Year of Publication},
  url          = {https://www.facebook.com/notes/625389924794238/},
  note         = {Accessed: 2025-04-20}
}


@inproceedings{gfw-china,
  title = {{GFWeb}: Measuring the Great Firewall's Web Censorship at Scale}, 
  author = {Hoang, Nguyen Phong and Dalek, Jakub and Crete-Nishihata, Masashi and Christin, Nicolas and Yegneswaran, Vinod and Polychronakis, Michalis and Feamster, Nick}, 
  booktitle = {Proceedings of the 33rd USENIX Security Symposium ({Sec} '24)}, 
  year = {2024}, 
  month = {August}, 
  publisher = {USENIX Association}, 
  www_section = {Communications Censorship}, 
  www_pdf_url = {https://www.usenix.org/system/files/usenixsecurity24-hoang.pdf}, 
}

@techreport{africa,
  author       = {Babatunde Okunoye},
  title        = {Censored Continent: Understanding the Use of Tools During Internet Censorship in Africa: Cameroon, Nigeria, Uganda and Zimbabwe as Case Studies},
  institution  = {OTF, The Tor Project},
  number       = {2020-07-001},
  year         = {2020},
  month        = {July},
  url          = {https://research.torproject.org/techreports/icfp-censored-continent-2020-07-31.pdf},
  note         = {Accessed: 2025-04-20}
}

@article{arab-spring,
  author  = {Zahorsky, Ingmar},
  title   = {Tor, Anonymity, and the Arab Spring: An Interview with Jacob Appelbaum},
  journal = {Peace and Conflict Monitor},
  year    = {2011},
  month   = {August},
  day     = {1},
  url     = {https://ideasforpeace.org/content/tor-anonymity-and-the-arab-spring-an-interview-with-jacob-appelbaum/},
  note    = {Accessed: 2025-04-20}
}

@misc{tor-arms-race,
  author       = {Roger Dingledine},
  title        = {The Tor Censorship Arms Race: The Next Chapter},
  howpublished = {Presentation at DEF CON 27},
  year         = {2019},
  month        = {August},
  url          = {https://www.freehaven.net/~arma/slides-dc19.pdf},
  note         = {Accessed: 2025-04-20}
}

@misc{globaleaks,
  author       = {{GlobaLeaks Project}},
  title        = {GlobaLeaks: Free and Open-Source Whistleblowing Software},
  year         = {2025},
  url          = {https://www.globaleaks.org/},
  note         = {Accessed: 2025-04-20}
}

@misc{wildleaks,
  author       = {{Earth League International}},
  title        = {WildLeaks: The World's First Whistleblowing Initiative Dedicated to Environmental Crime},
  year         = {2025},
  url          = {https://www.wildleaks.org/},
  note         = {Accessed: 2025-04-20}
}

@misc{digicert,
  author       = {{DigiCert}},
  title        = {Ordering a .Onion Certificate from DigiCert},
  year         = {2015},
  month        = {December},
  url          = {https://www.digicert.com/blog/ordering-a-onion-certificate-from-digicert},
  note         = {Accessed: 2025-04-20}
}

@misc{rfc-onion-domain,
  author       = {Jacob Appelbaum and Alec Muffett},
  title        = {The ".onion" Special-Use Domain Name},
  howpublished = {RFC 7686},
  year         = {2015},
  month        = {October},
  doi          = {10.17487/RFC7686},
  url          = {https://www.rfc-editor.org/rfc/rfc7686.html},
  note         = {Accessed: 2025-04-20}
}

@misc{harica,
  author       = {{Hellenic Academic & Research Institutions Certification Authority (HARICA)}},
  title        = {DV certificates for Onion websites},
  year         = {2021},
  month        = {April},
  day          = {26},
  url          = {https://news.harica.gr/article/onion_announcement/},
  note         = {Accessed: 2025-04-20}
}

@inproceedings{stop-and-go,
  title = {Stop-and-Go {MIX}es: Providing Probabilistic Anonymity in an Open System}, 
  author = {Dogan Kesdogan and Jan Egner and Roland B\"uschkes}, 
  booktitle = {Proceedings of Information Hiding Workshop (IH 1998)}, 
  year = {1998}, 
  publisher = {Springer-Verlag, LNCS 1525}, 
  www_section = {Anonymous communication}, 
  www_pdf_url = {http://www.uow.edu.au/~ldn01/infohide98.pdf}, 
}

@article{xor-trees,
  title = {Xor-trees for efficient anonymous multicast and reception},
  volume = {3},
  issn = {1557-7406},
  url = {http://dx.doi.org/10.1145/354876.354877},
  doi = {10.1145/354876.354877},
  number = {2},
  journal = {ACM Transactions on Information and System Security},
  publisher = {Association for Computing Machinery (ACM)},
  author = {Dolev,  Shlomi and Ostrobsky,  Rafail},
  year = {2000},
  month = {May},
  pages = {63–84}
}

@article{crowds,
  title = {Crowds: anonymity for Web transactions},
  volume = {1},
  issn = {1557-7406},
  url = {http://dx.doi.org/10.1145/290163.290168},
  doi = {10.1145/290163.290168},
  number = {1},
  journal = {ACM Transactions on Information and System Security},
  publisher = {Association for Computing Machinery (ACM)},
  author = {Reiter,  Michael K. and Rubin,  Aviel D.},
  year = {1998},
  month = {November},
  pages = {66–92}
}

@article{hordes,
  title = {{Hordes: A Multicast Based Protocol for Anonymity}}, 
  author = {Levine, Brian Neil and Shields, Clay}, 
  journal = {Journal of Computer Security}, 
  volume = {10}, 
  number = {3}, 
  year = {2002}, 
  pages = {213-240}, 
  keywords = {anonymity; routing; security; multicast; Journal Paper}, 
  www_section = {Anonymous communication}, 
  www_pdf_url = {http://prisms.cs.umass.edu/brian/pubs/brian.hordes.jcs01.pdf},
}

@article{rewebber,
  title = {{TAZ servers and the rewebber network: Enabling anonymous publishing on the world wide web}}, 
  author = {Goldberg, Ian and Wagner, David}, 
  journal = {First Monday}, 
  volume = {3}, 
  number = {4}, 
  year = {1998}, 
  month = {August}, 
  www_section = {Anonymous publication}, 
  www_html_url = {http://www.firstmonday.dk/issues/issue3_4/goldberg/}, 
  www_ps_url = {http://www.ovmj.org/GNUnet/papers/goldberg97taz.ps}, 
}

@article{back1997eternity,
  author  = {Back, Adam},
  title   = {The Eternity Service},
  journal = {Phrack Magazine},
  volume  = {7},
  number  = {51},
  year    = {1997},
  month   = {September},
  url     = {https://www.cypherspace.org/eternity/phrack.html},
  note    = {Accessed: 2025-04-20}
}

@inproceedings{freehaven,
  title = {The Free Haven Project: Distributed Anonymous Storage Service}, 
  author = {Dingledine, Roger and Freedman, Michael J. and Molnar, David}, 
  booktitle = {Proceedings of Designing Privacy Enhancing Technologies: Workshop on Design
        Issues in Anonymity and Unobservability}, 
  year = {2000}, 
  month = {July}, 
  editor = {H. Federrath}, 
  publisher = {Springer-Verlag, LNCS 2009}, 
  www_section = {Anonymous publication}, 
  www_ps_url = {https://freehaven.net/doc/berk/freehaven-berk.ps}, 
}

@article{gnet,
  title = {The GNet Whitepaper}, 
  author = {Bennett, Krista and Stef, Tiberius and Grothoff, Christian and Horozov, Tzvetan and Patrascu, Ioana}, 
  journal = {unknown}, 
  institution = {Purdue University}, 
  year = {2002}, 
  month = {June}, 
  type = {Technical report}, 
  www_section = {anonymity, economics, encoding, GNUnet, obsolete database}, 
  keywords = {anonymity, economics, encoding, GNUnet, obsolete database}, 
www_pdf_url = {https://git.gnunet.org/bibliography.git/plain/docs/main.pdf}, 
}

@techreport{nym,
  author       = {Diaz, Claudia and Halpin, Harry and Kiayias, Aggelos},,
  title        = {The Nym Network: The Next Generation of Privacy Infrastructure},
  institution  = {Nym Technologies SA},
  year         = {2021},
  month        = {February},
  number       = {1.0},
  url          = {https://nym.com/nym-whitepaper.pdf},
  note         = {Accessed: 2025-04-20}
}

@inproceedings{minx,
  series = {CCS04},
  title = {Minx: a simple and efficient anonymous packet format},
  url = {http://dx.doi.org/10.1145/1029179.1029198},
  doi = {10.1145/1029179.1029198},
  booktitle = {Proceedings of the 2004 ACM workshop on Privacy in the electronic society},
  publisher = {ACM},
  author = {Danezis,  George and Laurie,  Ben},
  year = {2004},
  month = {October},
  pages = {59–65},
  collection = {CCS04}
}

@inproceedings{sphinx,
  title = {Sphinx: A Compact and Provably Secure Mix Format},
  url = {http://dx.doi.org/10.1109/SP.2009.15},
  doi = {10.1109/sp.2009.15},
  booktitle = {2009 30th IEEE Symposium on Security and Privacy},
  publisher = {IEEE},
  author = {Danezis,  George and Goldberg,  Ian},
  year = {2009},
  month = {May},
  pages = {269–282}
}

@inproceedings {loopix,
    author = {Piotrowska, Ania M. and Hayes, Jamie and Elahi, Tariq and Meiser, Sebastian and Danezis, George},
    title = {The Loopix Anonymity System},
    booktitle = {26th USENIX Security Symposium (USENIX Security 17)},
    year = {2017},
    isbn = {978-1-931971-40-9},
    address = {Vancouver, BC},
    pages = {1199--1216},
    url = {https://www.usenix.org/conference/usenixsecurity17/technical-sessions/presentation/piotrowska},
    publisher = {USENIX Association},
    month = {August}
}

@inbook{fix-minx,
  title = {Breaking and Provably Fixing Minx},
  isbn = {9783540706304},
  issn = {1611-3349},
  url = {http://dx.doi.org/10.1007/978-3-540-70630-4_7},
  doi = {10.1007/978-3-540-70630-4_7},
  booktitle = {Privacy Enhancing Technologies},
  publisher = {Springer Berlin Heidelberg},
  author = {Shimshock,  Erik and Staats,  Matt and Hopper,  Nick},
  pages = {99–114},
  year = {2008},
  month = {July}
}

@inproceedings{generalising,
  title = {Generalising Mixes}, 
  author = {Diaz, Claudia and Serjantov, Andrei}, 
  booktitle = {Proceedings of Privacy Enhancing Technologies workshop (PET 2003)}, 
  year = {2003}, 
  month = {March}, 
  pages = {18--31}, 
  editor = {Roger Dingledine}, 
  publisher = {Springer-Verlag, LNCS 2760}, 
  www_section = {Anonymous communication}, 
  www_ps_gz_url = {http://www.esat.kuleuven.ac.be/~cdiaz/papers/DS03.ps.gz}, 
}

@inbook{mix-attacks,
  title = {From a Trickle to a Flood: Active Attacks on Several Mix Types},
  isbn = {9783540364153},
  issn = {0302-9743},
  url = {http://dx.doi.org/10.1007/3-540-36415-3_3},
  doi = {10.1007/3-540-36415-3_3},
  booktitle = {Information Hiding},
  publisher = {Springer Berlin Heidelberg},
  author = {Serjantov,  Andrei and Dingledine,  Roger and Syverson,  Paul},
  year = {2002},
  month = {December},
  pages = {36–52}
}

@article{echomix,
  title   = {Echomix: A Strong Anonymity System with Messaging},
  author  = {Infeld, Ewa J. and Stainton, David and Ryge, Leif and Hacker, Threebit},
  journal = {arXiv preprint arXiv:2501.02933},
  year    = {2025},
  url     = {https://arxiv.org/abs/2501.02933},
  note    = {Accessed: 2025-06-01}
}

@misc{katzenpost,
  author       = {{Katzenpost Project}},
  title        = {Katzenpost: Anonymous Communication for Everyone},
  year         = {2025},
  url          = {https://katzenpost.network/},
  note         = {Accessed: 2025-04-20}
}

@techreport{loki,
  author       = {Jefferys, Kee and Harman, Simon and Ross, Johnathan and McLean, Paul},
  title        = {Loki: Private Transactions, Decentralised Communication},
  institution  = {Loki Project},
  year         = {2018},
  month        = {July},
  number       = {Version 3},
  url          = {https://loki.network/wp-content/uploads/2018/10/LokiWhitepaperV3_1.pdf},
  note         = {Accessed: 2025-04-20}
}

@inproceedings{n-1,
  title = {Heartbeat Traffic to Counter (n-1) Attacks}, 
  author = {George Danezis and Len Sassaman}, 
  booktitle = {{Proceedings of the Workshop on Privacy in the Electronic Society (WPES 2003)}}, 
  year = {2003}, 
  month = {October}, 
  location = {Washington, DC, USA}, 
  www_section = {Anonymous communication}, 
  www_pdf_url = {http://www.cl.cam.ac.uk/users/gd216/p125_danezis.pdf}, 
}

@inproceedings{dissent,
  series = {CCS ’10},
  title = {Dissent: accountable anonymous group messaging},
  url = {http://dx.doi.org/10.1145/1866307.1866346},
  doi = {10.1145/1866307.1866346},
  booktitle = {Proceedings of the 17th ACM conference on Computer and communications security},
  publisher = {ACM},
  author = {Corrigan-Gibbs,  Henry and Ford,  Bryan},
  year = {2010},
  month = {October},
  pages = {340–350},
  collection = {CCS ’10}
}

@inproceedings{riposte,
  author={Corrigan-Gibbs, Henry and Boneh, Dan and Mazières, David},
  booktitle={2015 IEEE Symposium on Security and Privacy}, 
  title={Riposte: An Anonymous Messaging System Handling Millions of Users}, 
  year={2015},
  volume={},
  number={},
  pages={321-338},
  keywords={Servers;Databases;Protocols;Privacy;Resistance;Cryptography;anonymity;messaging;privacy;private information retrieval},
  doi={10.1109/SP.2015.27}
}

@inproceedings{hornet,
  series = {CCS’15},
  title = {HORNET: High-speed Onion Routing at the Network Layer},
  url = {http://dx.doi.org/10.1145/2810103.2813628},
  doi = {10.1145/2810103.2813628},
  booktitle = {Proceedings of the 22nd ACM SIGSAC Conference on Computer and Communications Security},
  publisher = {ACM},
  author = {Chen,  Chen and Asoni,  Daniele E. and Barrera,  David and Danezis,  George and Perrig,  Adrain},
  year = {2015},
  month = {October},
  pages = {1441–1454},
  collection = {CCS’15}
}

@inproceedings{vuvuzela,
  series = {SOSP ’15},
  title = {Vuvuzela: scalable private messaging resistant to traffic analysis},
  url = {http://dx.doi.org/10.1145/2815400.2815417},
  doi = {10.1145/2815400.2815417},
  booktitle = {Proceedings of the 25th Symposium on Operating Systems Principles},
  publisher = {ACM},
  author = {van den Hooff,  Jelle and Lazar,  David and Zaharia,  Matei and Zeldovich,  Nickolai},
  year = {2015},
  month = {October},
  pages = {137–152},
  collection = {SOSP ’15}
}

@inbook{dc-revisited,
  title = {Dining Cryptographers Revisited},
  isbn = {9783540246763},
  issn = {1611-3349},
  url = {http://dx.doi.org/10.1007/978-3-540-24676-3_27},
  doi = {10.1007/978-3-540-24676-3_27},
  booktitle = {Advances in Cryptology - EUROCRYPT 2004},
  publisher = {Springer Berlin Heidelberg},
  author = {Golle,  Philippe and Juels,  Ari},
  year = {2004},
  pages = {456–473}
}

@inproceedings{dissent2,
  author    = {David Isaac Wolinsky and Henry Corrigan-Gibbs and Bryan Ford and Aaron Johnson},
  title     = {Dissent in Numbers: Making Strong Anonymity Scale},
  booktitle = {Proceedings of the 10th USENIX Symposium on Operating Systems Design and Implementation (OSDI)},
  year      = {2012},
  month     = {October},
  pages     = {179--192},
  url       = {https://www.usenix.org/conference/osdi12/technical-sessions/presentation/wolinsky},
  note      = {Accessed: 2025-04-20}
}

@misc{turkish-ca,
  author       = {{Microsoft Corporation}},
  title        = {Microsoft Security Advisory 2798897: Fraudulent Digital Certificates Could Allow Spoofing},
  year         = {2013},
  month        = {January},
  url          = {https://learn.microsoft.com/en-us/security-updates/securityadvisories/2013/2798897},
  note         = {Accessed: 2025-04-20}
}

@article{guard-discovery,
  title = {From “Onion Not Found” to Guard Discovery},
  volume = {2022},
  issn = {2299-0984},
  url = {http://dx.doi.org/10.2478/popets-2022-0026},
  doi = {10.2478/popets-2022-0026},
  number = {1},
  journal = {Proceedings on Privacy Enhancing Technologies},
  publisher = {Privacy Enhancing Technologies Symposium Advisory Board},
  author = {Oldenburg,  Lennart and Acar,  Gunes and Diaz,  Claudia},
  year = {2021},
  month = {November},
  pages = {522–543}
}

@inproceedings{sniper,
  title = {The Sniper Attack: Anonymously Deanonymizing and Disabling the {T}or Network}, 
  author = {Jansen, Rob and Tschorsch, Florian and Johnson, Aaron and Scheuermann, Bj{\"{o}}rn}, 
  booktitle = {Proceedings of the Network and Distributed Security Symposium - {NDSS} '14}, 
  year = {2014}, 
  month = {February}, 
  publisher = {IEEE}, 
  www_section = {Traffic analysis}, 
  www_pdf_url = {https://www.robgjansen.com/publications/sniper-ndss2014.pdf}, 
}

@inproceedings {httpt,
author = {Sergey Frolov and Eric Wustrow},
title = {{HTTPT}: A {Probe-Resistant} Proxy},
booktitle = {10th USENIX Workshop on Free and Open Communications on the Internet (FOCI 20)},
year = {2020},
url = {https://www.usenix.org/conference/foci20/presentation/frolov},
publisher = {USENIX Association},
month = {August}
}

@misc{ITU-G.114,
  author       = {{International Telecommunication Union}},
  title        = {ITU-T Recommendation G.114: One-way transmission time},
  year         = {2003},
  month        = {May},
  url          = {https://www.itu.int/rec/T-REC-G.114-200305-I},
  note         = {Accessed: 2025-04-20}
}

@misc{voip-tor,
  doi = {10.48550/ARXIV.2007.04673},
  url = {https://arxiv.org/abs/2007.04673},
  author = {Sharma,  Piyush Kumar and Chaudhary,  Shashwat and Hassija,  Nikhil and Maity,  Mukulika and Chakravarty,  Sambuddho},
  keywords = {Cryptography and Security (cs.CR),  FOS: Computer and information sciences,  FOS: Computer and information sciences},
  title = {The Road Not Taken: Re-thinking the Feasibility of Voice Calling Over Tor},
  publisher = {arXiv},
  year = {2020},
  copyright = {arXiv.org perpetual,  non-exclusive license}
}

@inproceedings{anonymity-trillema,
  title = {Anonymity Trilemma: Strong Anonymity,  Low Bandwidth Overhead,  Low Latency - Choose Two},
  url = {http://dx.doi.org/10.1109/SP.2018.00011},
  doi = {10.1109/sp.2018.00011},
  booktitle = {2018 IEEE Symposium on Security and Privacy (SP)},
  publisher = {IEEE},
  author = {Das,  Debajyoti and Meiser,  Sebastian and Mohammadi,  Esfandiar and Kate,  Aniket},
  year = {2018},
  month = {May},
  pages = {108–126}
}

@misc{internetlivestats,
  author       = {{Internet Live Stats}},
  title        = {Total Number of Websites},
  year         = {2025},
  url          = {https://www.internetlivestats.com/total-number-of-websites/},
  note         = {Accessed: 2025-04-20}
}

@misc{tor-metrics,
  author       = {{The Tor Project}},
  title        = {Tor Metrics},
  year         = {2025},
  url          = {https://metrics.torproject.org/},
  note         = {Accessed: 2025-04-20}
}

@inproceedings{tor-metrics2,
  title = {A Case Study on Measuring Statistical Data in the {T}or Anonymity Network},
  author = {Loesing, Karsten and Murdoch, Steven J. and Dingledine, Roger},
  booktitle = {Proceedings of the Workshop on Ethics in Computer Security Research (WECSR 2010)},
  year = {2010},
  month = {January},
  location = {Tenerife, Canary Islands, Spain},
  publisher = {Springer},
  series = {LNCS},
}

@inproceedings{mix-net-reliability,
  title = {{A Reputation System to Increase MIX-net Reliability}}, 
  author = {Dingledine, Roger and Freedman, Michael J. and Hopwood, David and Molnar, David}, 
  booktitle = {Proceedings of Information Hiding Workshop (IH 2001)}, 
  year = {2001}, 
  month = {April}, 
  pages = {126--141}, 
  editor = {Ira S. Moskowitz}, 
  publisher = {Springer-Verlag, LNCS 2137}, 
  www_section = {Anonymous communication}, 
  www_ps_url = {https://freehaven.net/doc/mix-acc/mix-acc.ps}, 
  www_pdf_url = {https://freehaven.net/doc/mix-acc/mix-acc.pdf}, 
}

@inbook{two-cents-post-office,
  title = {Two Cents for Strong Anonymity: The Anonymous Post-office Protocol},
  isbn = {9783030026417},
  issn = {1611-3349},
  url = {http://dx.doi.org/10.1007/978-3-030-02641-7_18},
  doi = {10.1007/978-3-030-02641-7_18},
  booktitle = {Cryptology and Network Security},
  publisher = {Springer International Publishing},
  author = {Gelernter,  Nethanel and Herzberg,  Amir and Leibowitz,  Hemi},
  year = {2018},
  pages = {390–412}
}

@misc{ddos-web-archive,
  author       = {Kahle, Brewster},
  title        = {Learning from Cyberattacks},
  howpublished = {\url{https://blog.archive.org/2024/11/14/learning-from-cyberattacks/}},
  year         = {2024},
  month        = {November},
  note         = {Accessed: 2025-04-20}
}

@misc{freedomhouse_internet,
  author       = {{Freedom House}},
  title        = {Freedom on the Net: Country Scores},
  year         = {2025},
  url          = {https://freedomhouse.org/country/scores?type=fotn},
  note         = {Accessed: 2025-04-20}
}

@misc{ITU-G.729,
  author       = {{International Telecommunication Union}},
  title        = {ITU-T Recommendation G.729: Coding of speech at 8 kbit/s using conjugate-structure algebraic-code-excited linear prediction (CS-ACELP)},
  year         = {1996},
  month        = {March},
  url          = {https://www.itu.int/rec/T-REC-G.729/e},
  note         = {Accessed: 2025-04-20}
}

@misc{microsoft-skype-bandwidth,
  author       = {{Microsoft Corporation}},
  title        = {How much bandwidth does Skype need?},
  year         = {2025},
  url          = {https://support.microsoft.com/en-us/skype/how-much-bandwidth-does-skype-need-ad0fa9d7-c6ce-44ed-a3cd-5ea982df6e2a},
  note         = {Accessed: 2025-04-20}
}

@misc{onion-requests,
  author       = {Alex Linton},
  title        = {Onion requests: Session’s new message routing solution},
  howpublished = {\url{https://getsession.org/onion-requests-session-new-message-routing-solution}},
  year         = {2020},
  month        = {January},
  day          = {30},
  note         = {Accessed: 2025-04-20}
}

@article{Owen2016,
  title = {Empirical analysis of Tor Hidden Services},
  volume = {10},
  issn = {1751-8717},
  url = {http://dx.doi.org/10.1049/iet-ifs.2015.0121},
  doi = {10.1049/iet-ifs.2015.0121},
  number = {3},
  journal = {IET Information Security},
  publisher = {Institution of Engineering and Technology (IET)},
  author = {Owen, Gareth and Savage, Nick},
  year = {2016},
  month = {May},
  pages = {113–118}
}

@article{metadata-kill,
  author  = {Cole, David},
  title   = {We Kill People Based on Metadata},
  journal = {The New York Review of Books},
  date    = {2014-05-10},
  url     = {https://www.nybooks.com/online/2014/05/10/we-kill-people-based-metadata/}
}

@misc{rfc1,
  author       = {Steve Crocker},
  title        = {Host Software},
  howpublished = {RFC 1},
  series       = {Request for Comments},
  number       = {1},
  year         = {1969},
  month        = apr,
  publisher    = {RFC Editor},
  doi          = {10.17487/RFC0001},
  url          = {https://www.rfc-editor.org/info/rfc1}
}

@article{chord,
  title = {Chord: A scalable peer-to-peer lookup service for internet applications},
  volume = {31},
  issn = {0146-4833},
  url = {http://dx.doi.org/10.1145/964723.383071},
  doi = {10.1145/964723.383071},
  number = {4},
  journal = {ACM SIGCOMM Computer Communication Review},
  publisher = {Association for Computing Machinery (ACM)},
  author = {Stoica,  Ion and Morris,  Robert and Karger,  David and Kaashoek,  M. Frans and Balakrishnan,  Hari},
  year = {2001},
  month = {August},
  pages = {149–160}
}

@inbook{topology,
  title = {Impact of Network Topology on Anonymity and Overhead in Low-Latency Anonymity Networks},
  isbn = {9783642145278},
  issn = {1611-3349},
  url = {http://dx.doi.org/10.1007/978-3-642-14527-8_11},
  doi = {10.1007/978-3-642-14527-8_11},
  booktitle = {Privacy Enhancing Technologies},
  publisher = {Springer Berlin Heidelberg},
  author = {Diaz, Claudia and Murdoch, Steven J. and Troncoso, Carmela},
  year = {2010},
  pages = {184–201}
}

@inproceedings{tangler,
  title = {Tangler: a censorship-resistant publishing system based on document
        entanglements}, 
  author = {Waldman, Marc and Mazi\`eres, David}, 
  booktitle = {{Proceedings of the 8th ACM Conference on Computer and Communications
        Security (CCS 2001)}}, 
  year = {2001}, 
  month = {November}, 
  pages = {126--135}, 
  www_section = {Anonymous publication}, 
  www_ps_url = {http://www.cs.nyu.edu/~waldman/tangler.ps}, 
}

@article{afghanistan-chess,
  author       = {{BBC News}},
  title        = {Taliban suspends chess over gambling concerns},
  journal      = {BBC News},
  date         = {2025-05-12},
  url          = {https://www.bbc.com/news/articles/crk24dz8ne5o},
  urldate      = {2025-06-01},
}

@phdthesis{analysis-phd-thesis-identification-jap,
  title = {Analysis of Multilayer-Encryption Anonymity Networks}, 
  author = {Shahbar, Khalid}, 
  school = {Dalhousie University},
  year = {2017}, 
  month = {October},
  www_pdf_url = {https://dalspace.library.dal.ca/bitstream/handle/10222/73395/Shahbar-Khalid-PhD-CS-Oct-2017.pdf},
}

@inproceedings{analysis-tor-vs-i2p,
  title = {TOR vs I2P: A Comparative Study}, 
  author = {Ali, Afzaal and Khan, Maria and Saddique, Muhammad and Pirzada, Umar and Zohaib, Muhammad and Ahmad, Imran and Debnath, Narayan}, 
  booktitle = {Proceedings of the 2016 IEEE International Conference on Industrial
        Technology (ICIT)}, 
  year = {2016}, 
  month = {March}, 
  www_section = {Traffic analysis}, 
}

@article{analysis-packet-momentum-identification-jap,
  title = {Packet Momentum for Identificationof Anonymity Networks},
  volume = {6},
  issn = {2245-1439},
  url = {http://dx.doi.org/10.13052/jcsm2245-1439.612},
  doi = {10.13052/jcsm2245-1439.612},
  number = {1},
  journal = {Journal of Cyber Security and Mobility},
  publisher = {River Publishers},
  author = {Shahbar,  Khalid and Zincir-Heywood,  A. Nur},
  year = {2017},
  pages = {27–56}
}

@article{analysis-hierarchical-traffic-classification-jap,
  title = {A Dive into the Dark Web: Hierarchical Traffic Classification of Anonymity Tools},
  volume = {7},
  issn = {2334-329X},
  url = {http://dx.doi.org/10.1109/TNSE.2019.2901994},
  doi = {10.1109/tnse.2019.2901994},
  number = {3},
  journal = {IEEE Transactions on Network Science and Engineering},
  publisher = {Institute of Electrical and Electronics Engineers (IEEE)},
  author = {Montieri, Antonio and Ciuonzo, Domenico and Bovenzi, Giampaolo and Persico, Valerio and Pescape, Antonio},
  year = {2020},
  month = jul,
  pages = {1043–1054}
}

@article{analysis-tools-usage-jap,
  title = {An analysis of tools for online anonymity},
  volume = {11},
  issn = {1742-7371},
  url = {http://dx.doi.org/10.1108/IJPCC-08-2015-0030},
  doi = {10.1108/ijpcc-08-2015-0030},
  number = {4},
  journal = {International Journal of Pervasive Computing and Communications},
  publisher = {Emerald},
  author = {Winkler, Stephanie and Zeadally, Sherali},
  year = {2015},
  month = nov,
  pages = {436–453}
}

@article{analysis-classification-jap,
  title = {Anonymity Services Tor,  I2P,  JonDonym: Classifying in the Dark (Web)},
  volume = {17},
  issn = {2160-9209},
  url = {http://dx.doi.org/10.1109/TDSC.2018.2804394},
  doi = {10.1109/tdsc.2018.2804394},
  number = {3},
  journal = {IEEE Transactions on Dependable and Secure Computing},
  publisher = {Institute of Electrical and Electronics Engineers (IEEE)},
  author = {Montieri, Antonio and Ciuonzo, Domenico and Aceto, Giuseppe and Pescape, Antonio},
  year = {2020},
  month = may,
  pages = {662–675}
}

@inproceedings{analysis-acn-usage-jap-old,
  author    = {Ries, Thorsten and Panchenko, Andriy and State, Radu and Engel, Thomas},
  title     = {{Comparison of Low-Latency Anonymous Communication Systems: Practical Usage and Performance}},
  booktitle = {Proceedings of the Ninth Australasian Information Security Conference (AISC 2011)},
  series    = {CRPIT, Vol.~116},
  pages     = {77--86},
  year      = {2011},
  address   = {Perth, Australia},
  publisher = {Australian Computer Society},
  isbn      = {978-1-920682-96-5},
  note      = {Available via ORBilu repository}
}
